@article{furnkranz2005roc,
  title     = {Roc ‘n’rule learning—towards a better understanding of covering algorithms},
  author    = {F{\"u}rnkranz, Johannes and Flach, Peter A},
  journal   = {Machine Learning},
  volume    = {58},
  number    = {1},
  pages     = {39--77},
  year      = {2005},
  publisher = {Springer}
}

@article{agrawal1996fast,
  title     = {Fast discovery of association rules.},
  author    = {Agrawal, Rakesh and Mannila, Heikki and Srikant, Ramakrishnan and Toivonen, Hannu and Verkamo, A Inkeri and others},
  journal   = {Advances in knowledge discovery and data mining},
  volume    = {12},
  number    = {1},
  pages     = {307--328},
  year      = {1996},
  publisher = {AAAI/MIT Press Menlo Park, CA}
}

@article{kuhn1998applying,
  title     = {Applying cluster analysis to test a typology of homelessness by pattern of shelter utilization: Results from the analysis of administrative data},
  author    = {Kuhn, Randall and Culhane, Dennis P},
  journal   = {American journal of community psychology},
  volume    = {26},
  number    = {2},
  pages     = {207--232},
  year      = {1998},
  publisher = {Wiley Online Library}
}


@article{messier2020,
  title     = {Definitions for Episodic and Chronic Emergency Shelter Use that
Maximize the Impact of Housing Services},
  author    = {Messier, Geoffrey},
  journal   = {TBA},
  volume    = {TBA},
  number    = {TBA},
  pages     = {TBA},
  year      = {2021},
  publisher = {TBA}
}

@misc{ibm2020dl,
	title={AI vs. Machine Learning vs. Deep Learning vs. Neural Networks: What's the Difference?},
	url={https://www.ibm.com/cloud/blog/ai-vs-machine-learning-vs-deep-learning-vs-neural-networks},
	journal={IBM Cloud},
	publisher={IBM},
	author={Kavlakoglu, Eda},
	year={2020},
	month={May}
} 

@article{brown2018reliability,
  title     = {Reliability and validity of the Vulnerability Index-Service Prioritization Decision Assistance Tool (VI-SPDAT) in real-world implementation},
  author    = {Brown, Molly and Cummings, Camilla and Lyons, Jennifer and Carri{\'o}n, Andr{\'e}s and Watson, Dennis P},
  journal   = {Journal of Social Distress and the Homeless},
  volume    = {27},
  number    = {2},
  pages     = {110--117},
  year      = {2018},
  publisher = {Taylor \& Francis}
}

@article{levitt2015assessment,
  title   = {Assessment tools for allocating homelessness assistance: State of the evidence},
  author  = {Levitt, Rachelle},
  journal = {Available at SSRN 2563149},
  year    = {2015}
}

@article{karusala2019street,
  title     = {Street-Level Realities of Data Practices in Homeless Services Provision},
  author    = {Karusala, Naveena and Wilson, Jennifer and Vayanos, Phebe and Rice, Eric},
  journal   = {Proceedings of the ACM on Human-Computer Interaction},
  volume    = {3},
  number    = {CSCW},
  pages     = {1--23},
  year      = {2019},
  publisher = {ACM New York, NY, USA}
}



@article{byrne2015testing,
  title     = {Testing alternative definitions of chronic homelessness},
  author    = {Byrne, Thomas and Culhane, Dennis P},
  journal   = {Psychiatric Services},
  volume    = {66},
  number    = {9},
  pages     = {996--999},
  year      = {2015},
  publisher = {Am Psychiatric Assoc}
}

%%%%%%%%%%%%%%%%%%%%%%%%%%%%%%%%%%%%%%%
% Examples of Other Algorithms applied to homelessness
%%%%%%%%%%%%%%%%%%%%%%%%%%%%%%%%%%%%%%%
@misc{wachter2019predicting,
  title     = {Predicting and Preventing Homelessness in Los Angeles},
  author    = {Von Wachter, Till and Bertrand, Marianne and Pollac, Harold},
  year      = {2019},
  publisher = {Los Angeles: California Policy Lab}
}
@misc{allegheny2019homeless,
  title     = {Implementing a Predictive Risk Model to Prioritize Homeless Services: The Allegheny Homelessness Tool},
  author    = {Kithulgoda, Chamari I. and Kulick, Emily and Horn, Abigail and Dalton, Erin and Joyce, Sophie and Vaithianathan, Rhema},
  year      = {2019},
  publisher = {}
}
@article{hong2018applications,
  title     = {Applications of machine learning methods to predict readmission and length-of-stay for homeless families: the case of WIN shelters in New York City},
  author    = {Hong, Boyeong and Malik, Awais and Lundquist, Jack and Bellach, Ira and Kontokosta, Constantine E},
  journal   = {Journal of Technology in Human Services},
  volume    = {36},
  number    = {1},
  pages     = {89--104},
  year      = {2018},
  publisher = {Taylor \& Francis}
}
@article{toros2019early,
  title   = {Early intervention to prevent persistent homelessness: Predictive models for identifying unemployed workers and young adults who become persistently homeless},
  author  = {Toros, Halil and Flaming, Daniel and Burns, Patrick},
  journal = {Available at SSRN 3370634},
  year    = {2019}
}
@article{greer2016targeting,
  title     = {Targeting services to individuals most likely to enter shelter: Evaluating the efficiency of homelessness prevention},
  author    = {Greer, Andrew L and Shinn, Marybeth and Kwon, Jonathan and Zuiderveen, Sara},
  journal   = {Social Service Review},
  volume    = {90},
  number    = {1},
  pages     = {130--155},
  year      = {2016},
  publisher = {University of Chicago Press Chicago, IL}
}
@inproceedings{kube2019allocating,
  title     = {Allocating interventions based on predicted outcomes: A case study on homelessness services},
  author    = {Kube, Amanda and Das, Sanmay and Fowler, Patrick J},
  booktitle = {Proceedings of the AAAI Conference on Artificial Intelligence},
  volume    = {33},
  pages     = {622--629},
  year      = {2019}
}
@article{fisher2020simulating,
  title     = {Simulating the Evolution of Homeless Populations in Canada Using Modified Deep Q-Learning (MDQL) and Modified Neural Fitted Q-Iteration (MNFQ) Algorithms},
  author    = {Fisher, Andrew and Mago, Vijay and Latimer, Eric},
  journal   = {IEEE Access},
  volume    = {8},
  pages     = {92954--92968},
  year      = {2020},
  publisher = {IEEE}
}

@inproceedings{chan2017evidence,
  title     = {Evidence From the Past: AI Decision Aids to Improve Housing Systems for Homeless Youth.},
  author    = {Chan, Hau and Rice, Eric and Vayanos, Phebe and Tambe, Milind and Morton, Matthew},
  booktitle = {AAAI Fall Symposia},
  pages     = {149--157},
  year      = {2017}
}

%%%%%%%%%%%%%%%%%%%%%%%%%%%%%%%%%%%%%%%

% This is regular gradient boosted trees, not xgboost
@article{friedman2001greedy,
  title     = {Greedy function approximation: a gradient boosting machine},
  author    = {Friedman, Jerome H},
  journal   = {Annals of statistics},
  pages     = {1189--1232},
  year      = {2001},
  publisher = {JSTOR}
}

% Actual xgboost paper
@inproceedings{chen2016xgboost,
  title     = {Xgboost: A scalable tree boosting system},
  author    = {Chen, Tianqi and Guestrin, Carlos},
  booktitle = {Proceedings of the 22nd acm sigkdd international conference on knowledge discovery and data mining},
  pages     = {785--794},
  year      = {2016}
}

@article{kavvsek2006apriori,
  title     = {APRIORI-SD: Adapting association rule learning to subgroup discovery},
  author    = {Kav{\v{s}}ek, Branko and Lavra{\v{c}}, Nada},
  journal   = {Applied Artificial Intelligence},
  volume    = {20},
  number    = {7},
  pages     = {543--583},
  year      = {2006},
  publisher = {Taylor \& Francis}
}

@article{lavrac2004weighted,
  title={Subgroup Discovery with CN2-SD},
  author={N. Lavra{\v{c}} and B. Kavsek and Peter A. Flach and L. Todorovski},
  journal={J. Mach. Learn. Res.},
  year={2004},
  volume={5},
  pages={153-188}
}



@book{eubanks2018automating,
  title     = {Automating inequality: How high-tech tools profile, police, and punish the poor},
  author    = {Eubanks, Virginia},
  year      = {2018},
  publisher = {St. Martin's Press}
}



%%%%%%%%%%%%%%%%%%%%%%%%%%%%%%%%%%%%%%%
% Introduction Related Works
% These are related in the sense that they do classification with 
% association rules
%%%%%%%%%%%%%%%%%%%%%%%%%%%%%%%%%%%%%%%
@inproceedings{liu1998integrating,
  title     = {Integrating classification and association rule mining.},
  author    = {Liu, Bing and Hsu, Wynne and Ma, Yiming and others},
  booktitle = {KDD},
  volume    = {98},
  pages     = {80--86},
  year      = {1998}
}

% Follow up to liu1998integrating
@inproceedings{liu2000improving,
  title     = {Improving an exhaustive search based rule learner},
  author    = {Liu, Bing and Ma, Yiming and Wong, Ching-Kian},
  booktitle = {Proceedings of the 4th European Conference on Principles and Practice of Knowledge Discovery in Databases (PKDD-00)},
  pages     = {504--509},
  year      = {2000}
}

@inproceedings{jovanoski2001classification,
  title        = {Classification rule learning with APRIORI-C},
  author       = {Jovanoski, Viktor and Lavra{\v{c}}, Nada},
  booktitle    = {Portuguese conference on artificial intelligence},
  pages        = {44--51},
  year         = {2001},
  organization = {Springer}
}

@inproceedings{patil2010association,
  title        = {Association rule for classification of type-2 diabetic patients},
  author       = {Patil, BM and Joshi, RC and Toshniwal, Durga},
  booktitle    = {2010 second international conference on machine learning and computing},
  pages        = {330--334},
  year         = {2010},
  organization = {IEEE}
}



%%%%%%%%%%%%%%%%%%%%%%%%%%%%%%%%%%%%%%%


@book{furnkranz2012foundations,
  title     = {Foundations of rule learning},
  author    = {F{\"u}rnkranz, Johannes and Gamberger, Dragan and Lavra{\v{c}}, Nada},
  year      = {2012},
  publisher = {Springer Science \& Business Media}
}

@inproceedings{lakkaraju2017selective,
  title     = {The selective labels problem: Evaluating algorithmic predictions in the presence of unobservables},
  author    = {Lakkaraju, Himabindu and Kleinberg, Jon and Leskovec, Jure and Ludwig, Jens and Mullainathan, Sendhil},
  booktitle = {Proceedings of the 23rd ACM SIGKDD International Conference on Knowledge Discovery and Data Mining},
  pages     = {275--284},
  year      = {2017}
}


@misc{di_2020,
  title   = {Emergency Shelter Programs},
  note    = {\url{https://calgarydropin.ca/howwehelp/emergency-services/}},
  journal = {Emergency Shelter Programs | Calgary Drop-In Centre},
  author  = {DI},
  year    = {2020}
} 
@misc{di_2019,
  title  = {More than Emergency Shelter: 2018-19 Report to Community},
  author = {Calgary Drop-In Centre},
  year   = {2019}
} 

@article{tsemberis2000housingfirst,
  title     = {Pathways to housing: Supported housing for street-dwelling homeless individuals with psychiatric disabilities},
  author    = {Tsemberis, Sam and Eisenberg, Ronda F},
  journal   = {Psychiatric services},
  volume    = {51},
  number    = {4},
  pages     = {487--493},
  year      = {2000},
  publisher = {Am Psychiatric Assoc}
}

@misc{deepmind2020alphafold2,
  title        = {High Accuracy Protein Structure Prediction Using Deep Learning},
  author       = {Jumper, John and Evans, Richard and Pritzel, Alexander and Green, Tim and Figurnov, Michael and Tunyasuvunakool, Kathryn and Ronneberger, Olaf and Bates, Russ and Žídek, Augustin and Bridgland, Alex and Meyer, Clemens and Kohl, Simon A A and Potapenko, Anna and Ballard, Andrew J and Cowie, Andrew and Romera-Paredes, Bernardino and Nikolov, Stanislav and Jain, Rishub and Adler, Jonas and Back, Trevor and Petersen, Stig and Reiman, David and Steinegger, Martin and Pacholska, Michalina and Silver, David and Vinyals, Oriol and Senior, Andrew W and Kavukcuoglu, Koray and Kohli, Pushmeet and Hassabi Demis},
  howpublished = {Fourteenth Critical Assessment of Techniques for Protein Structure Prediction (Abstract Book), 30 November},
  year         = {2020},
  note         = {Retreived from: \url{https://predictioncenter.org/casp14/doc/CASP14_Abstracts.pdf}}
}

@article{deepmind2020go,
  author  = {Schrittwieser, Julian and Antonoglou, Ioannis and Hubert, Thomas and Simonyan, Karen and Sifre, Laurent and Schmitt, Simon and Guez, Arthur and Lockhart, Edward and Hassabis, Demis and Graepel, Thore et al.},
  title   = {Mastering Atari, Go, chess and shogi by planning with a learned model},
  journal = {Nature},
  volume  = {588},
  number  = {7839},
  pages   = {604--609},
  year    = {2020}
}

@article{vanberlo2020interpretable,
  title   = {Interpretable Machine Learning Approaches to Prediction of Chronic Homelessness},
  author  = {VanBerlo, Blake and Ross, Matthew AS and Rivard, Jonathan and Booker, Ryan},
  journal = {arXiv preprint arXiv:2009.09072},
  year    = {2020}
}

@article{Kim2009UnstableHA,
  title   = {Unstable housing and hepatitis C incidence among injection drug users in a Canadian setting},
  author  = {C. Kim and T. Kerr and K. Li and Ruth Zhang and M. Tyndall and J. Montaner and E. Wood},
  journal = {BMC Public Health},
  year    = {2009},
  volume  = {9},
  pages   = {270 - 270}
}

@article{Fawcett2006AnIT,
  title   = {An introduction to ROC analysis},
  author  = {T. Fawcett},
  journal = {Pattern Recognit. Lett.},
  year    = {2006},
  volume  = {27},
  pages   = {861-874}
}

@online{canada2020definition,
  author = {{Government of Canada}},
  title  = {Reaching Home: Canada’s Homelessness Strategy Directives},
  year   = {2020},
  note   = {\url{https://www.canada.ca/en/employment-social-development/programs/homelessness/directives.html}, Retreived: 2021-01-29}
}
@online{athome2014chezsoi,
  author = {Paula Goering and Scott Veldhuizen and Aimee Watson and Carol Adair and Brianna Kopp and Eric Latimer and Geoff Nelson and Eric MacNaughton and David Streiner and Tim Aubry},
  title  = {National At Home/Chez Soi Final Report. Calgary, AB: Mental Health Commission of Canada},
  year   = {2014},
  note   = {\url{http://www.mentalhealthcommission.ca}, Retreived: 2021-04-30}
}


@article{snyder2008albertadefinition,
  author  = {S.G. Snyder et al.},
  title   = {A Plan for Alberta: Ending Homelessness in 10 Years},
  journal = {The Alberta Secretariat for Action on Homelessness},
  year    = {2008}
}

@incollection{cohen1995ripper,
  title     = {Fast effective rule induction},
  author    = {Cohen, William W},
  booktitle = {Machine learning proceedings 1995},
  pages     = {115--123},
  year      = {1995},
  publisher = {Elsevier}
}

@inproceedings{frank2005jrip,
  title={Weka - A Machine Learning Workbench for Data Mining},
  author={E. Frank and Mark Hall and G. Holmes and Richard Kirkby and B. Pfahringer and Ian H. Witten and Len Trigg},
  booktitle={Data Mining and Knowledge Discovery Handbook},
  year={2005}
}

@inproceedings{michalski1969covering,
  title={On the Quasi-Minimal Solution of the Covering Problem},
  author={Michalski, R},
  booktitle={Proceedings of the V International Symposium on Information Processing},
  pages={125--128}
}

@inproceedings{quinlan1995oversearching,
  title={Oversearching and Layered Search in Empirical Learning},
  author={J. Quinlan and R. Cameron-Jones},
  booktitle={IJCAI},
  year={1995}
}

@inproceedings{janssen2008oversearching,
  title={A Re-evaluation of the Over-Searching Phenomenon in Inductive Rule Learning},
  author={F. Janssen and J. F{\"u}rnkranz},
  booktitle={LWA},
  year={2008}
}

@inproceedings{brunk1991rep,
  title={An Investigation of Noise-Tolerant Relational Concept Learning Algorithms},
  author={C. Brunk and M. Pazzani},
  booktitle={ML},
  year={1991}
}

@inproceedings{cohen1993pruning,
  title={Efficient Pruning Methods for Separate-and-Conquer Rule Learning Systems},
  author={William W. Cohen},
  booktitle={IJCAI},
  year={1993}
}

@article{pagallo1990pruning,
  title={Boolean Feature Discovery in Empirical Learning},
  author={G. Pagallo and D. Haussler},
  journal={Machine Learning},
  year={1990},
  volume={5},
  pages={71-99}
}

@article{quinlan1990foil,
  title={Learning Logical Definitions from Relations},
  author={J. R. Quinlan},
  journal={Machine Learning},
  year={1990},
  volume={5},
  pages={239-266}
}

@inproceedings{frnkranz1994irep,
  title={Incremental Reduced Error Pruning},
  author={J. F{\"u}rnkranz and G. Widmer},
  booktitle={ICML},
  year={1994}
}

@inproceedings{hastie2009elements,
  title={The Elements of Statistical Learning: Data Mining, Inference, and Prediction, 2nd Edition},
  author={T. Hastie and R. Tibshirani and J. Friedman},
  booktitle={Springer Series in Statistics},
  year={2009}
}

@inproceedings{benesty2009pearson,
	title={Pearson Correlation Coefficient. In: Noise Reduction in Speech Processing},
	author={J. Benesty and J. Chen and Y. Huang and I. Cohen},
	booktitle={Springer Topics in Signal Processing, vol 2},
	year={2009}
}

@article{ribeiro2016lime,
  title={"Why Should I Trust You?": Explaining the Predictions of Any Classifier},
  author={Marco Tulio Ribeiro and Sameer Singh and Carlos Guestrin},
  journal={Proceedings of the 22nd ACM SIGKDD International Conference on Knowledge Discovery and Data Mining},
  year={2016}
}

@article{king2001LogisticR,
  title={Logistic Regression in Rare Events Data},
  author={G. King and L. Zeng},
  journal={Political Analysis},
  year={2001},
  volume={9},
  pages={137-163}
}

@inproceedings{lundberg2017shap,
  title={A Unified Approach to Interpreting Model Predictions},
  author={Scott Lundberg and Su-In Lee},
  booktitle={NIPS},
  year={2017}
}

@article{gardner1986confidence,
  title={Confidence intervals rather than P values: estimation rather than hypothesis testing.},
  author={M. Gardner and D. Altman},
  journal={British Medical Journal (Clinical research ed.)},
  year={1986},
  volume={292},
  pages={746 - 750}
}
